@article{Plimpton_2004,
author = "S. Plimpton and B. Hendrickson and J. Stewart",
title = "A parallel rendezvous algorithm for interpolation between multiple grids",
year= "2004",
journal = "Journal of Parallel and Distributed Computing",
volume = "64",
pages = "266-276",
publisher = "Elsevier"
}

