@book{Sutter_2004,
    author = "H. Sutter and A. Alexandrescu",
    title = "C++ Coding Standards: 101 Rules, Guidelines, and Best Practices",
    year = "2004",
    publisher = "Addison Wesleyn"
}

@article{Jiao_2004,
    author = "Xiangmin Jiao and Michael Heath",
    title = "Common-refinement-based data transfer between non-matching meshes in multiphysics simulations",
    journal = "International Journal for Numerical Methods in Engineering",
    year = "2004",
    volume = "61",
    pages = "2402-2427"
}

@article{Farhat_1998,
    author = "C. Farhat and M. Lesoinne and P. LeTallec",
    title = "Load and motion transfer algoritms for fluid/structure interaction problems with non-matching descrete interfaces: Momentum and energy conservation, optimal discretization and application to aeroelasticity",
    journal = "Computational methods in applied mechanics and engineering",
    year = "1998",
    volume = "157",
    pages = "95-114"
}

@article{Bartlett_2012,
    author = "Roscoe Bartlett and Michael Heroux and Jim Willenbring",
    title = "TriBITS Lifecycle Model Version 1.0: A Lean/Agile Software Lifecycle Model for Research-based Computational Science and Engineering and Applied Mathematical Software",
    number = "SAND2012-0561",
    year = "2012",
    publisher = "Sandia National Laboratories"
}

@article{Bartlett_2010,
    author = "Roscoe Bartlett",
    title = "Teuchos C++ Memory Management Classes, Idioms, and Related Topics: The Complete Reference (A Comprehensive Strategy for Safe and Efficient Memory Management in C++ for High Performance Computing)",
    number = "SAND2010-2234",
    year = "2010",
    publisher = "Sandia National Laboratories"
}

