@book{Sutter_2004,
author = "H. Sutter and A. Alexandrescu",
title = "C++ Coding Standards: 101 Rules, Guidelines, and Best Practices",
year = "2004",
publisher = "Addison Wesley"
}

@article{Tautges_2009,
author = "T. Tautges",
title = "Canonical Numbering Systems for Finite-Element Codes",
year = "2009",
journal = "International Journal for Numerical Methods in Biomedical Engineering",
volume = "20",
pages = "1559-1572",
publisher = "John Wiley & Sons, Ltd."
}

@article{Plimpton_2004,
author = "S. Plimpton and B. Hendrickson and J. Stewart",
title = "A parallel rendezvous algorithm for interpolation between multiple grids",
year= "2004",
journal = "Journal of Parallel and Distributed Computing",
volume = "64",
pages = "266-276",
publisher = "Elsevier"
}

@article{Stewart_2004,
author = "J. Stewart and H. Edwards",
title = "A framework approach for developing parallel adaptive multiphysics applications."
year = "2004",
journal = "Finite Elements in Analysis and Design",
volume = "40",
pages = "1599-1617",
publisher = "Elsevier"
}