@book{Sutter_2004,
    author = "H. Sutter and A. Alexandrescu",
    title = "C++ Coding Standards: 101 Rules, Guidelines, and Best Practices",
    year = "2004",
    publisher = "Addison Wesley"
}
