@article{Plimpton_2004,
author = "S. Plimpton and B. Hendrickson and J. Stewart",
title = "A parallel rendezvous algorithm for interpolation between multiple grids",
year= "2004",
journal = "Journal of Parallel and Distributed Computing",
volume = "64",
pages = "266-276",
publisher = "Elsevier"
}

@techreport{u.s._department_of_energy_casl_2011,
	type = {{CASL-U-2011-0025-000}},
	title = {{CASL} - A Project Summary},
	institution = {Consortium for Advanced Simulation of {LWRs}},
	author = {{{U.S.} Department of Energy}},
	year = {2011}
}

@article{Tautges_2009,
author = "T. Tautges",
title = "Canonical Numbering Systems for Finite-Element Codes",
year = "2009",
journal = "International Journal for Numerical Methods in Biomedical Engineering",
volume = "20",
pages = "1559-1572",
publisher = "John Wiley & Sons, Ltd."
}

@article{Stewart_2004,
author = "J. Stewart and H. Edwards",
title = "A framework approach for developing parallel adaptive multiphysics applications",
year = "2004",
journal = "Finite Elements in Analysis and Design",
volume = "40",
pages = "1599-1617",
publisher = "Elsevier"
}

@article{Edwards_2006,
    author = "H. Edwards",
    title = "Managing complexity in massively parallel, adaptive,
                  multiphysics applications",
    journal = "Engineering with Computers",
    year = "2006",
    volume = "22",
    pages = "135-155"
}

@article{Berger_1987,
author = "M. Berger and S. Bokhari",
title = "A partitioning strategy for nonuniform problems on multiprocessors",
year = "1987",
journal = "IEEE Transactions on Computing",
pages = "570-580"
}

@article{Bentley_1975,
author = "J. Bentley",
title = "Multidimensional binary search trees used for associative searching",
year = "1975",
journal = "Communications of the ACM",
volume = "18",
issue = "9",
pages = "509-517"
}

@article{Chand_2008,
author = "K. Chand and L. Diachin and C. Ollivier-Gooch and E. Seol and M. Shephard and T. Tautges and H. Trease",
title = "Toward interoperable mesh, geometry and field components for PDE simulation development",
year = "2008",
journal = "Engineering with Computers",
volume = "24",
pages = "165-182"
}

@book{MPI_1994,
author = "W. Gropp and E. Lusk and A. Skjellum",
title = " Using MPI: portable parallel programming with the message-passing interface",
year = "1994",
publisher = "MIT Press",
}

@article{Tautges_2009_2,
    author = "Timothy Tautges and Alvaro Caceres",
    title = "Scalable parallel solution coupling for multiphysics reactor simulation",
    journal = "Journal of Physics: Conference Series",
    year = "2009",
    volume = "180",
    pages = "1-5"
}

@TechReport{drekar_cfd,
  author = 	 {Roger P. Pawlowski and John N. Shadid and Thomas M. Smith and Eric C. Cyr and Paula D. Weber},
  title = 	 {Drekar::{CFD} - A Turbulent Fluid-flow and Conjugate Heat Transfer Code: Theory Manual (Version 1.0)},
  institution =  {Sandia National Laboratories},
  year = 	 {2012},
  key = 	 {drekar_cfd},
  type = 	 {Sandia Technical Report},
  number = 	 {SAND2012-2697},
  address = 	 {P.O. Box 5800, Albuquerque, NM 87185},
  month = 	 {March}
}

@Article{denovo_2010,
  author = 	 {T. M. Evans and A. S. Stafford and R. N. Slaybaugh and K. T. Clarno},
  title = 	 {Denovo: a New Three-Dimensional Parallel Discrete Ordinates Code in {SCALE}},
  journal = 	 {Nuclear Technology},
  year = 	 {2010},
  volume = 	 {171},
  pages = 	 {171200}
}

@Article{shadid_2006,
  author = 	 {J.N. Shadid and A.G. Salinger and R.P. Pawlowski and P.T. Lin and G.L. Hennigan and R.S. Tuminaro and R.B. Lehoucq},
  title = 	 {Large-scale stabilized {FE} computational analysis of nonlinear steady-state transport/reaction systems},
  journal = 	 {Computer Methods in Applied Mechanics and  Engineering},
  year = 	 {2006},
  volume = 	 {195},
  pages = 	 {1846-1871}
}

